@techreport{citationPureProg,
  author       = {Brian Lonsdorf},
  title        = {Professor Frisby's Mostly Adequate Guide to Functional Programming},
  institution  = {GitBook},
  year         = {2015},
  note         = {Consulté le 10 juin 2024},
  url          = {https://mostly-adequate.gitbook.io/mostly-adequate-guide/ch03}
}

@techreport{citationFiboProg,
  author       = {haskell.org},
  title        = {The Fibonacci sequence},
  year         = {2022},
  note         = {Consulté le 18 juin 2024},
  url          = {https://wiki.haskell.org/The_Fibonacci_sequence}
}

@techreport{citationMonadWiki,
  author       = {Wikipedia},
  title        = {Monad (functional programming)},
  note         = {Consulté le 11 juin 2024},
  url          = {https://en.wikipedia.org/wiki/Monad_(functional_programming)}
}

@book{bookWithHaskell,
  author       = {Will Kurt},
  title        = {Get Programming with Haskell},
  publisher    = {Manning Publications},
  year         = {2018}
}

@book{haskellInDepth,
  author       = {Vitaly Bragilevsky},
  title        = {Haskell in Depth},
  publisher    = {Manning Publications},
  year         = {2021}
}

@misc{playHaksell1,
  author       = {Philipp Hagenlocher},
  title        = {Haskell for Imperative Programmers},
  howpublished = {YouTube Playlist},
  year         = {2020},
  note         = {Consulté le 11 juin 2024},
  url          = {https://www.youtube.com/playlist?list=PLe7Ei6viL6jGp1Rfu0dil1JH1SHk9bgDV}
}

@misc{playHaksell2,
  author       = {chshersh},
  title        = {Haskell Beginners 2022 Course},
  howpublished = {YouTube Playlist},
  year         = {2022},
  note         = {Consulté le 11 juin 2024},
  url          = {https://www.youtube.com/playlist?list=PLOJjn67NeYg9cWA4hyIWcxfaeX64pwo1c}
}

@techreport{lensHaskell,
  author       = {Gabriella Gonzalez},
  title        = {Tutorial for the lens library},
  note         = {Consulté le 18 juin 2024},
  url          = {https://hackage.haskell.org/package/lens-tutorial-1.0.5/docs/Control-Lens-Tutorial.html)}
}

@techreport{arbreRadix,
  author       = {Wikipedia},
  title        = {Arbre radix},
  note         = {Consulté le 18 juin 2024},
  url          = {https://fr.wikipedia.org/wiki/Arbre_radix}
}

@techreport{propertyTesting,
  author       = {Wikipedia},
  title        = {Property testing},
  year         = {2024},
  note         = {Consulté le 16 juin 2024},
  url          = {https://en.wikipedia.org/wiki/Software_testing#Property_testing}
}

@techreport{quiceck,
  author       = {Nick Smallbone},
  title        = {QuickCheck: Automatic testing of Haskell programs},
  year         = {2009},
  note         = {Consulté le 18 juin 2024},
  url          = {https://hackage.haskell.org/package/QuickCheck}
}

@techreport{criterion,
  author       = {Bryan O'Sullivan},
  title        = {criterion: Robust, reliable performance measurement and analysis},
  year         = {2016},
  note         = {Consulté le 18 juin 2024},
  url          = {https://hackage.haskell.org/package/criterion}
}

@techreport{haddock,
  author       = {Simon Marlow, David Waern},
  title        = {haddock: A documentation-generation tool for Haskell libraries},
  note         = {Consulté le 18 juin 2024},
  url          = {https://hackage.haskell.org/package/haddock}
}

@techreport{weigh,
  author       = {Chris Done},
  title        = {weigh: Measure allocations of a Haskell functions/values},
  note         = {Consulté le 18 juin 2024},
  url          = {https://hackage.haskell.org/package/weigh}
}

@article{CaronZiadi2001,
  author    = {Pascal Caron and Djelloul Ziadi},
  title     = {Characterization of Glushkov Automata},
  journal   = {Theoretical Computer Science},
  volume    = {233},
  number    = {1-2},
  pages     = {75--90},
  year      = {2001},
  publisher = {Elsevier}
}
